@Manual{R-expectreg,
  title = {expectreg: Expectile and Quantile Regression},
  author = {Elmar Spiegel and Sabine Schnabel and Linda
    {Schulze Waltrup}},
  year = {2024},
  note = {R package version 0.53},
  url = {https://CRAN.R-project.org/package=expectreg},
}

@Manual{R-knitr,
  title = {knitr: A General-Purpose Package for Dynamic
    Report Generation in R},
  author = {Yihui Xie},
  year = {2024},
  note = {R package version 1.46},
  url = {https://yihui.org/knitr/},
}

@Manual{R-rmarkdown,
  title = {rmarkdown: Dynamic Documents for R},
  author = {JJ Allaire and Yihui Xie and Christophe
    Dervieux and Jonathan McPherson and Javier Luraschi and
    Kevin Ushey and Aron Atkins and Hadley Wickham and Joe
    Cheng and Winston Chang and Richard Iannone},
  year = {2024},
  note = {R package version 2.26,
    https://pkgs.rstudio.com/rmarkdown/},
  url = {https://github.com/rstudio/rmarkdown},
}

@Manual{R-sandwich,
  title = {sandwich: Robust Covariance Matrix Estimators},
  author = {Achim Zeileis and Thomas Lumley},
  year = {2023},
  note = {R package version 3.1-0},
  url = {https://sandwich.R-Forge.R-project.org/},
}

@Article{expectreg2010,
  title = {Geoadditive Expectile Regression},
  author = {Fabian Sobotka and Thomas Kneib},
  journal = {Computational Statistics and Data Analysis},
  year = {2010},
  note = {doi: 10.1016/j.csda.2010.11.015},
}

@Article{expectreg2009,
  title = {Optimal Expectile Smoothing},
  author = {Sabine Schnabel and Paul Eilers},
  journal = {Computational Statistics and Data Analysis},
  year = {2009},
  volume = {53},
  pages = {4168--4177},
}

@Book{knitr2015,
  title = {Dynamic Documents with {R} and knitr},
  author = {Yihui Xie},
  publisher = {Chapman and Hall/CRC},
  address = {Boca Raton, Florida},
  year = {2015},
  edition = {2nd},
  note = {ISBN 978-1498716963},
  url = {https://yihui.org/knitr/},
}

@InCollection{knitr2014,
  booktitle = {Implementing Reproducible Computational
    Research},
  editor = {Victoria Stodden and Friedrich Leisch and Roger
    D. Peng},
  title = {knitr: A Comprehensive Tool for Reproducible
    Research in {R}},
  author = {Yihui Xie},
  publisher = {Chapman and Hall/CRC},
  year = {2014},
  note = {ISBN 978-1466561595},
}

@Book{rmarkdown2018,
  title = {R Markdown: The Definitive Guide},
  author = {Yihui Xie and J.J. Allaire and Garrett
    Grolemund},
  publisher = {Chapman and Hall/CRC},
  address = {Boca Raton, Florida},
  year = {2018},
  isbn = {9781138359338},
  url = {https://bookdown.org/yihui/rmarkdown},
}

@Book{rmarkdown2020,
  title = {R Markdown Cookbook},
  author = {Yihui Xie and Christophe Dervieux and Emily
    Riederer},
  publisher = {Chapman and Hall/CRC},
  address = {Boca Raton, Florida},
  year = {2020},
  isbn = {9780367563837},
  url = {https://bookdown.org/yihui/rmarkdown-cookbook},
}

@Article{sandwich2020,
  title = {Various Versatile Variances: An Object-Oriented
    Implementation of Clustered Covariances in {R}},
  author = {Achim Zeileis and Susanne K\"oll and Nathaniel
    Graham},
  journal = {Journal of Statistical Software},
  year = {2020},
  volume = {95},
  number = {1},
  pages = {1--36},
  doi = {10.18637/jss.v095.i01},
}

@Article{sandwich2004,
  title = {Econometric Computing with {HC} and {HAC}
    Covariance Matrix Estimators},
  author = {Achim Zeileis},
  journal = {Journal of Statistical Software},
  year = {2004},
  volume = {11},
  number = {10},
  pages = {1--17},
  doi = {10.18637/jss.v011.i10},
}

@Article{sandwich2006,
  title = {Object-Oriented Computation of Sandwich
    Estimators},
  author = {Achim Zeileis},
  journal = {Journal of Statistical Software},
  year = {2006},
  volume = {16},
  number = {9},
  pages = {1--16},
  doi = {10.18637/jss.v016.i09},
}

